@Book{knuth:84,
  author = 	 {Donald E. Knuth},
  title = 	 {The {\TeX} Book},
  publisher = 	 {Addison-Wesley},
  year = 	 {1984},
  edition = 	 {15th}
}

@InCollection{boulic:91,
  author = 	 {R. Boulic and O. Renault},
  title = 	 {3D Hierarchies for Animation},
  booktitle = 	 {New Trends in Animation and Visualization},
  publisher =    {John Wiley {\&} Sons ltd.},
  year = 	 {1991},
  editor = 	 {Nadia Magnenat-Thalmann and Daniel Thalmann}
}

@InCollection{smith:99,
  author = 	 {A. Smith and B. Jones},
  title = 	 {On the Complexity of Computing},
  booktitle = 	 {Advances in Computer Science},
  pages = 	 {555--566},
  publisher =    {Publishing Press},
  year = 	 {1999},
  editor = 	 {A. B. Smith-Jones}
}

% Referências -----------------------------------------------------------------

@MISC{intelivix:2021,
author = {Intelivix},
title = {INTELIVIX | Inteligência Artificial para Gestão de Risco Jurídico},
month = novembro,
year = {2021},
note = {Acessado: 03/11/2021},
howpublished={\url{https://intelivix.com/}},
}

@MISC{cnj:comarca,
author = {CNJ, Conselho Nacional de Justiça},
title = {CNJ Serviço: Saiba a diferença entre comarca, vara, entrância e instância - Portal CNJ},
month = novembro,
year = {2021},
note = {Acessado: 15/11/2021},
howpublished={\url{https://www.cnj.jus.br/cnj-servico-saiba-a-diferenca-entre-comarca-vara-entrancia-e-instancia/}},
}

@MISC{stackoverflow:survey,
author = {Stack Overflow},
title = {Stack Overflow Developer Survey 2021},
month = novembro,
year = {2021},
note = {Acessado: 30/11/2021},
howpublished={\url{https://insights.stackoverflow.com/survey/2021}},
}

@MISC{aws:about,
author = {AWS},
title = {O que é AWS? Como funciona Amazon Web Services},
month = novembro,
year = {2021},
note = {Acessado: 30/11/2021},
howpublished={\url{https://aws.amazon.com/pt/what-is-aws/}},
}

@MISC{aws:athena,
author = {AWS},
title = {AWS Athena - Serviço de consultas interativas sem servidor},
month = novembro,
year = {2021},
note = {Acessado: 30/11/2021},
howpublished={\url{https://aws.amazon.com/pt/athena/}},
}

@MISC{aws:s3,
author = {AWS},
title = {Armazenamento S3 - Simple Storage Service - Amazon Web Services},
month = novembro,
year = {2021},
note = {Acessado: 30/11/2021},
howpublished={\url{https://aws.amazon.com/pt/s3/}},
}

@book{vida2021datawarehouse,
  author={Edinilson da Silva Vida and Nicolli Souza Rios Alves and Rafael Gastão Coimbra Ferreira and Douglas Campos de Souza and Fabrício Felipe Meleto Barboza and Hygo Sousa de Oliveira and Laerte de Marque and Luis Gustavo Maschietto and Priscila de Fátima Gonçalves},
  title={Data Warehouse},
  isbn={9786556901916},
  url={https://integrada.minhabiblioteca.com.br/#/books/9786556901916/},
  year={2021},
  publisher={Sagah}
}

@book{turban2009business,
  author={Turban, E. and King, D. and Aronson, J.E. and Sharda, R.},
  title={Business Intelligence: Um enfoque gerencial para a intelig{\^e}ncia do neg{\'o}cio},
  isbn={9788577803347},
  url={https://books.google.com.br/books?id=QIBlPgAACAAJ},
  year={2009},
  publisher={Bookman}
}

@book{boscarioli2016mineracao,
  author={Silva, L. A. S. and Peres, S. M. P. and Boscarioli, C.},
  title={Introdução à Mineração de Dados - Com Aplicações em R},
  isbn={9788535284461},
  year={2016},
  publisher={GEN LTC}
}

@book{rezende2015obi,
  author={Denis Alcides Rezende},
  title={Inteligência Organizacional Como Modelo De Gestão Em Organizações Privadas E Públicas: Guia Para Projeto de Organizational Business Intelligence},
  isbn={9788597001433},
  year={2015},
  publisher={Atlas}
}

% https://www.researchgate.net/publication/49618608_Improve_Performance_of_Extract_Transform_and_Load_ETL_in_Data_Warehouse
@article{goarETL,
  author={Vishal Goar and SS Sarangdevot and Govind Tanwar and Dr. Anand Sharma},
  title={Improve Performance of Extract, Transform and Load (ETL) in Data Warehouse},
  year={2010},
  journal={International Journal on Computer Science and Engineering}
}

@book{de2020python,
  title={Python e Django: Desenvolvimento web Moderno e {\'a}gil},
  author={de Barros Maciel, F.M.},
  isbn={9786555200973},
  url={https://books.google.com.br/books?id=Td\_aDwAAQBAJ},
  year={2020},
  publisher={Alta Books}
}